<?xml version="1.0" encoding="utf-8"?>
<record xmlns="http://www.loc.gov/MARC21/slim" xmlns:xsi="http://www.w3.org/2001/XMLSchema-instance" xsi:schemaLocation="http://www.loc.gov/MARC21/slim http://www.loc.gov/standards/marcxml/schema/MARC21slim.xsd">
	<leader>     nam a22        4500</leader>
	<controlfield tag="001">b18271480</controlfield>
	<controlfield tag="003">LeBAU</controlfield>
	<controlfield tag="006">m        d        </controlfield>
	<controlfield tag="007">cr cn |||m|||a</controlfield>
	<controlfield tag="008">170119s1947    le      o     000 0 ara d</controlfield>
	<datafield ind1=" " ind2=" " tag="040">
		<subfield code="a">NNU</subfield>
		<subfield code="b">ara</subfield>
		<subfield code="e">rda</subfield>
		<subfield code="c">NNU</subfield>
	</datafield>
	<datafield ind1="1" ind2=" " tag="041">
		<subfield code="a">ara</subfield>
		<subfield code="h">fre</subfield>
	</datafield>
	<datafield ind1=" " ind2="4" tag="050">
		<subfield code="a">D757</subfield>
		<subfield code="b">.C3125 1947</subfield>
	</datafield>
	<datafield ind1="0" ind2="4" tag="082">
		<subfield code="a">943.086</subfield>
		<subfield code="2">23</subfield>
	</datafield>
	<datafield ind1="1" ind2=" " tag="100">
		<subfield code="6">880-01</subfield>
		<subfield code="a">Cartier, Raymond,</subfield>
		<subfield code="e">author.</subfield>
	</datafield>
	<datafield ind1="1" ind2="4" tag="240">
		<subfield code="a">Secrets de la guerre dévoilés par Nuremberg.</subfield>
		<subfield code="l">Arabic</subfield>
	</datafield>
	<datafield ind1="1" ind2="0" tag="245">
		<subfield code="6">880-02</subfield>
		<subfield code="a">Min asrār al-ḥarb :</subfield>
		<subfield code="b">Hitlir al-ghāzī /</subfield>
		<subfield code="c">naqalahu ilá al-‘Arabīyah bi-taṣarruf Bāsīl Daqqāq ‘an Rīmūn Kārtyīh.</subfield>
	</datafield>
	<datafield ind1="3" ind2="0" tag="246">
		<subfield code="6">880-03</subfield>
		<subfield code="a">Hitlir al-ghāzī</subfield>
	</datafield>
	<datafield ind1=" " ind2=" " tag="250">
		<subfield code="6">880-04</subfield>
		<subfield code="a">al-Ṭabʻah al-ūlá.</subfield>
	</datafield>
	<datafield ind1=" " ind2="1" tag="264">
		<subfield code="6">880-05</subfield>
		<subfield code="a">Bayrūt, Lubnān :</subfield>
		<subfield code="b">Dār al-Makshūf,</subfield>
		<subfield code="c">1947.</subfield>
	</datafield>
	<datafield ind1=" " ind2=" " tag="300">
		<subfield code="6">880-06</subfield>
		<subfield code="a">online resource (262 pages)</subfield>
	</datafield>
	<datafield ind1=" " ind2=" " tag="336">
		<subfield code="a">text</subfield>
		<subfield code="2">rdacontent</subfield>
	</datafield>
	<datafield ind1=" " ind2=" " tag="337">
		<subfield code="a">computer</subfield>
		<subfield code="2">rdamedia</subfield>
	</datafield>
	<datafield ind1=" " ind2=" " tag="338">
		<subfield code="a">online resource</subfield>
		<subfield code="2">rdacarrier</subfield>
	</datafield>
	<datafield ind1="1" ind2=" " tag="490">
		<subfield code="6">880-07</subfield>
		<subfield code="a">Silsilat al-Thaqāfah al-siyāsīyah</subfield>
	</datafield>
	<datafield ind1=" " ind2=" " tag="500">
		<subfield code="a">Part of the Arabic Collections Online (ACO) project, contributed by American University of Beirut's Jafet Memorial Library.</subfield>
	</datafield>
	<datafield ind1=" " ind2=" " tag="533">
		<subfield code="a">Electronic reproduction.</subfield>
		<subfield code="b">New York, N.Y. :</subfield>
		<subfield code="c">New York University,</subfield>
		<subfield code="d">2017.</subfield>
		<subfield code="5">NNU</subfield>
	</datafield>
	<datafield ind1="1" ind2="0" tag="600">
		<subfield code="6">880-08</subfield>
		<subfield code="a">Hitler, Adolf,</subfield>
		<subfield code="d">1889-1945.</subfield>
	</datafield>
	<datafield ind1=" " ind2="0" tag="650">
		<subfield code="6">880-09</subfield>
		<subfield code="a">World War, 1939-1945</subfield>
		<subfield code="z">Germany.</subfield>
	</datafield>
	<datafield ind1=" " ind2="0" tag="650">
		<subfield code="6">880-10</subfield>
		<subfield code="a">War crime trials</subfield>
		<subfield code="z">Germany</subfield>
		<subfield code="z">Nuremberg.</subfield>
	</datafield>
	<datafield ind1="1" ind2=" " tag="700">
		<subfield code="6">880-11</subfield>
		<subfield code="a">Daqqāq, Bāsīl,</subfield>
		<subfield code="e">translator.</subfield>
	</datafield>
	<datafield ind1="2" ind2=" " tag="710">
		<subfield code="a">Jafet Memorial Library.</subfield>
	</datafield>
	<datafield ind1="0" ind2=" " tag="730">
		<subfield code="a">Arabic Collections Online.</subfield>
	</datafield>
	<datafield ind1="0" ind2="8" tag="776">
		<subfield code="i">Print version:</subfield>
		<subfield code="a">Cartier, Raymond, author.</subfield>
		<subfield code="t">Min asrār al-ḥarb</subfield>
		<subfield code="w">(LeBAU)b18271480</subfield>
	</datafield>
	<datafield ind1=" " ind2="0" tag="830">
		<subfield code="6">880-12</subfield>
		<subfield code="a">Silsilat al-Thaqāfah al-siyāsīyah.</subfield>
	</datafield>
	<datafield ind1="4" ind2="0" tag="856">
		<subfield code="u">http://hdl.handle.net/2333.1/9p8czdnx</subfield>
	</datafield>
	<datafield ind1="1" ind2=" " tag="880">
		<subfield code="6">100-01</subfield>
		<subfield code="a">كارتييه، ريمون،</subfield>
		<subfield code="e">author.</subfield>
	</datafield>
	<datafield ind1="1" ind2="0" tag="880">
		<subfield code="6">245-02</subfield>
		<subfield code="a">من أسرار الحرب :</subfield>
		<subfield code="b">هتلر الغازي /</subfield>
		<subfield code="c">نقله الى العربية بتصرف باسيل دقاق عن ريمون كارتيه.</subfield>
	</datafield>
	<datafield ind1="3" ind2="0" tag="880">
		<subfield code="6">246-03</subfield>
		<subfield code="a">هتلر الغازي</subfield>
	</datafield>
	<datafield ind1=" " ind2=" " tag="880">
		<subfield code="6">250-04</subfield>
		<subfield code="a">الطبعة الأولى.</subfield>
	</datafield>
	<datafield ind1=" " ind2="1" tag="880">
		<subfield code="6">264-05</subfield>
		<subfield code="a">بيروت، لبنان :</subfield>
		<subfield code="b">دار المكشوف،</subfield>
		<subfield code="c">1947.</subfield>
	</datafield>
	<datafield ind1=" " ind2=" " tag="880">
		<subfield code="6">300-06</subfield>
		<subfield code="a">262 صفحة ؛</subfield>
		<subfield code="c">21 سم.</subfield>
	</datafield>
	<datafield ind1="1" ind2=" " tag="880">
		<subfield code="6">490-07</subfield>
		<subfield code="a">سلسلة الثقافة السياسية</subfield>
	</datafield>
	<datafield ind1=" " ind2=" " tag="880">
		<subfield code="6">500-00</subfield>
		<subfield code="a">ترجمة كتاب: Les secrets de la guerre dévoilés par Nuremberg.</subfield>
	</datafield>
	<datafield ind1="1" ind2="4" tag="880">
		<subfield code="6">600-08</subfield>
		<subfield code="a">هتلر، أدولف،</subfield>
		<subfield code="d">1889-1945.</subfield>
	</datafield>
	<datafield ind1=" " ind2="4" tag="880">
		<subfield code="6">650-09</subfield>
		<subfield code="a">الحرب العالمية، 1939-1945</subfield>
		<subfield code="z">ألمانيا.</subfield>
	</datafield>
	<datafield ind1=" " ind2="4" tag="880">
		<subfield code="6">650-10</subfield>
		<subfield code="a">محاكمات جرائم الحرب</subfield>
		<subfield code="z">ألمانيا</subfield>
		<subfield code="z">نورمبرغ.</subfield>
	</datafield>
	<datafield ind1="1" ind2=" " tag="880">
		<subfield code="6">700-11</subfield>
		<subfield code="a">دقاق، باسيل،</subfield>
		<subfield code="e">مترجم.</subfield>
		<subfield code="4">trl.</subfield>
	</datafield>
	<datafield ind1=" " ind2="0" tag="880">
		<subfield code="6">830-12</subfield>
		<subfield code="a">سلسلة الثقافة السياسية.</subfield>
	</datafield>
	<datafield ind1=" " ind2=" " tag="959">
		<subfield code="a">NNU</subfield>
		<subfield code="b">WEB</subfield>
		<subfield code="c">GENI</subfield>
		<subfield code="t">0</subfield>
		<subfield code="m">Electronic access</subfield>
		<subfield code="s">01</subfield>
	</datafield>
	<datafield ind1=" " ind2=" " tag="999">
		<subfield code="i">LeBAU_b18271480</subfield>
		<subfield code="s">aub_aco000162</subfield>
		<subfield code="e">(ERROR-880)</subfield>
		<subfield code="s">aub_aco000162</subfield>
	</datafield>
</record>
